@article{heavenrichlight,
  title={Light-duty automotive technology and fuel-economy trends through 1991. 
  1991. US Environmental Protection Agency},
  author={Heavenrich, RM and Murrell, JD and Hellman, KH},
  journal={Ann Arbor}
}